@article{Kingsolver2020,
author = {Kingsolver, Joel G. and Buckley, Lauren B.},
doi = {10.1016/j.cois.2020.05.005},
issn = {22145753},
journal = {Curr. Opin. Insect Sci.},
month = {oct},
pages = {17--24},
pmid = {32599547},
publisher = {Elsevier Inc.},
title = {{Ontogenetic variation in thermal sensitivity shapes insect ecological responses to climate change}},
volume = {41},
year = {2020}
}


@article{Dahlke2020,
author = {Dahlke, Flemming T. and Wohlrab, Sylke and Butzin, Martin and P{\"{o}}rtner, Hans Otto},
issn = {10959203},
journal = {Science},
month = {jul},
number = {6499},
pages = {65--70},
pmid = {32631888},
publisher = {American Association for the Advancement of Science},
title = {{Thermal bottlenecks in the life cycle define climate vulnerability of fish}},
url = {http://science.sciencemag.org/},
volume = {369},
year = {2020}
}


@misc{Losey2006,
author = {Losey, John E. and Vaughan, Mace},
booktitle = {Bioscience},
doi = {10.1641/0006-3568(2006)56[311:TEVOES]2.0.CO;2},
issn = {00063568},
keywords = {Biodiversity,Conservation,Ecological services,Economic value,Environmental policy},
month = {apr},
number = {4},
pages = {311--323},
publisher = {Oxford Academic},
title = {{The economic value of ecological services provided by insects}},
volume = {56},
year = {2006}
}

@article{Taylor2016,
author = {Taylor, Rachel A and Mordecai, Erin A and Gilligan, Christopher A and Rohr, Jason R and Johnson, Leah R},
doi = {10.7717/peerj.2642},
issn = {2167-8359},
journal = {PeerJ},
pages = {e2642},
pmid = {27833809},
publisher = {PeerJ, Inc},
title = {{Mathematical models are a powerful method to understand and control the spread of Huanglongbing.}},
volume = {4},
year = {2016}
}

@article{Birch1948,
author = {Birch, L. C.},
doi = {10.2307/1605},
issn = {00218790},
journal = {J. Anim. Ecol.},
month = {may},
number = {1},
pages = {15},
publisher = {British Ecological Society},
title = {{The Intrinsic Rate of Natural Increase of an Insect Population}},
volume = {17},
year = {1948}
}


@article{Dommar2014,
author = {Dommar, Carlos J. and Lowe, Rachel and Robinson, Marguerite and Rod{\'{o}}, Xavier},
doi = {10.1016/j.actatropica.2013.08.004},
isbn = {0001-706X},
issn = {0001706X},
journal = {Acta Trop.},
keywords = {Agent-based model,Asymptomatic,Chikungunya,Computational epidemiology,Spatio-temporal,Urban scale-free network},
number = {1},
pages = {61--73},
pmid = {23958228},
publisher = {Elsevier B.V.},
title = {{An agent-based model driven by tropical rainfall to understand the spatio-temporal heterogeneity of a chikungunya outbreak}},
volume = {129},
year = {2014}
}

@article{Banu2014,
author = {Banu, Shahera and Hu, Wenbiao and Guo, Yuming and Hurst, Cameron and Tong, Shilu},
doi = {10.1016/j.envint.2013.11.002},
issn = {01604120},
journal = {Environ. Int.},
keywords = {Bangladesh,Climate change,Dengue,Dhaka,Projections,Temperature},
pages = {137--142},
pmid = {24291765},
publisher = {Elsevier Ltd},
title = {{Projecting the impact of climate change on dengue transmission in dhaka, bangladesh}},

volume = {63},
year = {2014}
}

@article{Lafferty2009,
author = {Lafferty, K D},
issn = {0012-9658},
journal = {Ecology},
number = {4},
pages = {888--900},
title = {{The ecology of climate change and infectious diseases}},

volume = {90},
year = {2009}
}
@article{Lana2014,
author = {Lana, Raquel M. and Carneiro, Tiago G S and Hon{\'{o}}rio, Nildimar a. and Code{\c{c}}o, Cl{\'{a}}udia T.},
doi = {10.1016/j.actatropica.2013.07.025},

isbn = {5521383611},
issn = {0001706X},
journal = {Acta Trop.},
keywords = {Aedes aegypti,Dengue,Mathematical model,Seasonality},
number = {1},
pages = {25--32},
pmid = {23933186},
title = {{Seasonal and nonseasonal dynamics of Aedes aegypti in Rio de Janeiro, Brazil: Fitting mathematical models to trap data}},
volume = {129},
year = {2014}
}

@article{Martin2008,
author = {Martin, Tara Laine and Huey, Raymond B},
doi = {10.1086/527502},
isbn = {0003-0147},
issn = {0003-0147},
journal = {Am. Nat.},
number = {3},
pages = {E102--E118},
pmid = {18271721},
title = {{Why "suboptimal" is optimal: Jensen's inequality and ectotherm thermal preferences.}},
volume = {171},
year = {2008}
}

@article{Pawar2016,
author = {Pawar, Samraat and Dell, Anthony I. and Savage, Van M. and Knies, Jennifer L.},
doi = {10.1086/684590},
isbn = {1870255909},
issn = {0003-0147},
journal = {Am. Nat.},
keywords = {activation energy,pling,sam-,temperature,thermal physiology,thermal sensitivity,traits},
number = {2},
pages = {E41--E52},
title = {{Real versus Artificial Variation in the Thermal Sensitivity of Biological Traits}},
volume = {187},
year = {2016}
}

@article{Smith2013,
author = {Smith, David L and Cohen, Justin M and Chiyaka, Christinah and Johnston, Geoffrey and Gething, Peter W and Gosling, Roly and Buckee, Caroline O and Laxminarayan, Ramanan and Hay, Simon I and Tatem, Andrew J},
doi = {10.1098/rstb.2012.0145},
isbn = {1471-2970 (Electronic)$\backslash$n0962-8436 (Linking)},
issn = {1471-2970},
journal = {Philos. Trans. R. Soc. Lond. B. Biol. Sci.},
number = {1623},
pages = {20120145},
pmid = {23798693},
title = {{A sticky situation: the unexpected stability of malaria elimination.}},
volume = {368},
year = {2013}
}

@article{Chaves2014,
author = {Chaves, Luis Fernando and Scott, Thomas W. and Morrison, Amy C. and Takada, Takenori},
doi = {10.1016/j.actatropica.2013.02.025},
isbn = {0001-706X},
issn = {0001706X},
journal = {Acta Trop.},
keywords = {Climate change,Density dependence,Lefkovitch matrix,Population delay,Trade-offs},
number = {1},
pages = {15--24},
pmid = {23537497},
publisher = {Elsevier B.V.},
title = {{Hot temperatures can force delayed mosquito outbreaks via sequential changes in Aedes aegypti demographic parameters in autocorrelated environments}},
volume = {129},
year = {2014}
}

@incollection{Lewontin1965,
author = {Lewontin, Richard C},
booktitle = {Genet. Colon. species},
pages = {77--94},
title = {{Selection for colonizing ability}},
year = {1965}
}

@book{Caswell1989a,
address = {Massachusetts, Massachusetts},
author = {Caswell, Hal},
pages = {328},
pmid = {2456},
publisher = {Sinauer Associates Associates, Inc.},
title = {{Matrix population models}},
year = {1989}
}
@article{Lafferty2015,
author = {Lafferty, Kevin D},

journal = {Ecology},
number = {3},
pages = {928--929},
title = {{The ecology of climate change and infectious diseases : reply}},
volume = {91},
year = {2015}
}

@article{Tompkins2014,
author = {Tompkins, Adrian M. and {Di Giuseppe}, Francesca},
doi = {10.1175/JAMC-D-14-0156.1},

issn = {1558-8424},
journal = {J. Appl. Meteorol. Climatol.},
number = {2002},
pages = {141230123742001},
title = {{Potential predictability of malaria in Africa using ECMWF monthly and seasonal climate forecasts}},

year = {2014}
}
@article{Savage2004d,
author = {Savage, Van M and Gilloly, James F and Brown, James H and Charnov, Eric L and Gillooly, J F and West, G B},
doi = {10.1086/381872},
issn = {1537-5323},
journal = {Am. Nat.},
month = {mar},
number = {3},
pages = {429--41},
pmid = {15026978},
title = {{Effects of body size and temperature on population growth}},
volume = {163},
year = {2004}
}
@incollection{Johnson2013,
address = {Hoboken, N.J.},
author = {Johnson, L.R. and Lafferty, K. and McNally, A. and Mordecai, E. and Paaijmans, K. and Pawar, S. and Ryan, S.J.},
booktitle = {Spat. temporal Dyn. Infect. Dis.},
publisher = {Wiley-Interscience},
title = {{Mapping the distribution of Malaria: Current Approaches and Future Directions}},
year = {2013}
}
@article{Kuno1995,
author = {Kuno, G},

isbn = {0193-936X (Print)$\backslash$n0193-936X (Linking)},
issn = {0193-936X},
journal = {Epidemiol. Rev.},
number = {2},
pages = {321--335},
pmid = {8654514},
title = {{Review of the factors modulating dengue transmission.}},
volume = {17},
year = {1995}
}
@article{Johnson2004,
author = {Johnson, Jerald B. and Omland, Kristian S.},
doi = {10.1016/j.tree.2003.10.013},
isbn = {0169-5347},
issn = {01695347},
journal = {Trends Ecol. Evol.},
number = {2},
pages = {101--108},
pmid = {16701236},
title = {{Model selection in ecology and evolution}},
volume = {19},
year = {2004}
}
@article{Stavrinides2011,
author = {Stavrinides, Menelaos C. and Mills, Nicholas J.},
doi = {10.1007/s10526-010-9334-6},
issn = {13866141},
journal = {BioControl},
number = {3},
pages = {315--325},
title = {{Influence of temperature on the reproductive and demographic parameters of two spider mite pests of vineyards and their natural predator}},
volume = {56},
year = {2011}
}
@article{Brady2013,
author = {Brady, Oliver J and Johansson, Michael a and Guerra, Carlos a and Bhatt, Samir and Golding, Nick and Pigott, David M and Delatte, H{\'{e}}l{\`{e}}ne and Grech, Marta G and Leisnham, Paul T and Maciel-de-Freitas, Rafael and Styer, Linda M and Smith, David L and Scott, Thomas W and Gething, Peter W and Hay, Simon I},
doi = {10.1186/1756-3305-6-351},

issn = {1756-3305},
journal = {Parasit. Vectors},
pages = {351},
pmid = {24330720},
title = {{Modelling adult Aedes aegypti and Aedes albopictus survival at different temperatures in laboratory and field settings.}},
volume = {6},
year = {2013}
}
@article{Johnson2015,
archivePrefix = {arXiv},
arxivId = {arXiv:1310.5110v1},
author = {Johnson, Lr and Ben-Horin, T and Lafferty, Kevin D. and McNally, Amy and Mordecai, Erin and Paaijmans, Krijn P. and Pawar, Samraat and Ryan, Sadie J.},
eprint = {arXiv:1310.5110v1},

journal = {Ecology},
keywords = {anopheles gambiae,basic reproductive number,bayesian statistics,climate envelope,malaria,plasmodium falciparum,sensitivity analysis,thermal physiology,uncertainty analysis},
number = {1},
pages = {203--213},
title = {{Understanding uncertainty in temperature effects on vector-borne disease: A Bayesian approach}},

volume = {96},
year = {2015}
}
@article{Yamana2013,
author = {Yamana, Teresa K and Eltahir, Elfatih a B},
doi = {10.1186/1756-3305-6-235},

issn = {1756-3305},
journal = {Parasit. Vectors},
keywords = {Africa,Animals,Anopheles gambiae,Anopheles gambiae: growth {\&} development,Anopheles gambiae: physiology,Entomology,Entomology: methods,Humidity,Models, Theoretical,Population Dynamics,Survival Analysis,Temperature},
number = {1},
pages = {235},
pmid = {23938022},
publisher = {Parasites {\&} Vectors},
title = {{Incorporating the effects of humidity in a mechanistic model of Anopheles gambiae mosquito population dynamics in the Sahel region of Africa.}},
volume = {6},
year = {2013}
}
@article{Lunde2013,

author = {Lunde, Torleif Markussen and Bayoh, Mohamed Nabie and Lindtj{\o}rn, Bernt},
doi = {10.1186/1756-3305-6-20},

issn = {1756-3305},
journal = {Parasit. Vectors},
keywords = {Animals,Anopheles gambiae,Anopheles gambiae: parasitology,Anopheles gambiae: physiology,Biological,Insect Bites and Stings,Insect Vectors,Insect Vectors: parasitology,Insect Vectors: physiology,Malaria,Malaria: parasitology,Malaria: transmission,Models,Temperature,Time Factors},
number = {20},
pmid = {23332015},
title = {{How malaria models relate temperature to malaria transmission.}},

volume = {6},
year = {2013}
}
@article{Gonzalez2014,

author = {Gonz{\'{a}}lez, Camila and Paz, Andrea and Ferro, Cristina},
doi = {10.1016/j.actatropica.2013.08.014},

isbn = {1873-6254 (Electronic) 0001-706X (Linking)},
issn = {0001706X},
journal = {Acta Trop.},
keywords = {Climate change,Ecological niche modelling,Lutzomyia evansi,Lutzomyia longipalpis,Visceral Leishmaniasis},
number = {1},
pages = {83--90},
pmid = {23988300},
publisher = {Elsevier B.V.},
title = {{Predicted altitudinal shifts and reduced spatial distribution of Leishmania infantum vector species under climate change scenarios in Colombia}},

volume = {129},
year = {2014}
}
@article{Dobson2011,
author = {Dobson, Andrew D. M. and Finnie, Thomas J. R. and Randolph, Sarah E.},
doi = {10.1111/j.1365-2664.2011.02003.x},

issn = {00218901},
journal = {J. Appl. Ecol.},
month = {aug},
number = {4},
pages = {1017--1028},
title = {{A modified matrix model to describe the seasonal population ecology of the European tick Ixodes ricinus}},

volume = {48},
year = {2011}
}
@article{Lunde2013b,

author = {Lunde, Torleif M and Balkew, Meshesha and Korecha, Diriba and Gebre-michael, Teshome and Massebo, Fekadu and Sorteberg, Asgeir and Lindtjorn, Bernt},
doi = {10.1186/1475-2875-12-78},

issn = {1475-2875},
journal = {Malar. J.},
keywords = {1 centre for international,2 bjerknes centre for,anopheles gambiae complex,bergen,cih,climate research,correspondence,health,lunde,malaria,model,no,norway,torleif,uib,uni research,university of bergen},
number = {78},
pages = {1--14},
pmid = {23442727},
title = {{A dynamic model of some malaria-transmitting anopheline mosquitoes of the Afrotropical region. II. Validation of species distribution and seasonal variations}},
volume = {12},
year = {2013}
}
@article{Heesterbeek1995,
author = {Heesterbeek, J.A.P.},

journal = {Stat. Neerl.},
keywords = {capital,development,economic development,economic sustainability,growth,limits of growth,natural},
number = {1},
pages = {89--110},
title = {{The concept of R0 in epidemic theory}},
volume = {50},
year = {1996}
}
@article{Medone2015,
author = {Medone, Paula and Ceccarelli, Soledad and Parham, Paul E. and Rabinovich, Jorge E.},

journal = {Philos. Trans. R. Soc. London B Biol. Sci.},
keywords = {ecology,epidemiology,health and disease and},
number = {1665},
title = {{The impact of climate change on the geographical distribution of two vectors of Chagas disease : implications for the force of infection}},
volume = {370},
year = {2015}
}
@article{Campbell2015,
author = {Campbell, Lindsay P and Luther, Caylor and Moo-Llanes, David and Ramsey, Janine M. and Danis-Lozano, Rogelio and {Townsend Peterson}, A.},

isbn = {0000000302432},
journal = {Philos. Trans. R. Soc. London B Biol. Sci.},
keywords = {chikungunya,climate change,dengue,mosquitoes,potential distribution},
number = {1665},
pmid = {25688023},
title = {{Climate Change Influences on Global Vector Distributions for Dengue and Chikungunya Viruses}},
volume = {370},
year = {2015}
}
@article{Shaman2006,

author = {Shaman, Jeffrey and Spiegelman, Marc and Cane, Mark and Stieglitz, Marc},
doi = {10.1016/j.ecolmodel.2005.10.037},

isbn = {0304-3800},
issn = {03043800},
journal = {Ecol. Modell.},
keywords = {Density-independent effects,Environmental variability,Habitat availability,Hydrology,Mosquitoes,Population dynamics,Population model,Swamp water},
number = {4},
pages = {395--404},
title = {{A hydrologically driven model of swamp water mosquito population dynamics}},
volume = {194},
year = {2006}
}
@article{Altizer2013,

author = {Altizer, Sonia and Ostfeld, Richard S and Johnson, Pieter T J and Kutz, Susan and Harvell, C Drew},
doi = {10.1126/science.1239401},

isbn = {1095-9203 (Electronic)$\backslash$n0036-8075 (Linking)},
issn = {1095-9203},
journal = {Science},
keywords = {Animals,Biodiversity,Climate Change,Communicable Diseases,Communicable Diseases: epidemiology,Communicable Diseases: transmission,Extinction, Biological,Health,Host-Parasite Interactions,Host-Pathogen Interactions,Humans,Prognosis},
number = {6145},
pages = {514--9},
pmid = {23908230},
title = {{Climate change and infectious diseases: from evidence to a predictive framework.}},

volume = {341},
year = {2013}
}
@article{Ferguson2003a,
annote = {2003/12/01 doi: 10.1554/03-211 Mosquito mortality and the evolution of malaria virulence doi: 10.1554/03-211},
author = {Ferguson, H M and Mackinnon, M J and Chan, B H and Read, A F},
issn = {0014-3820},
journal = {Evolution (N. Y).},
number = {12},
pages = {2792--2804},
title = {{Mosquito mortality and the evolution of malaria virulence}},

volume = {57},
year = {2003}
}
@article{Brooker2002,

author = {Brooker, S.},
doi = {10.1016/S0001-706X(02)00012-8},

isbn = {0001-706X (Print)},
issn = {0001706X},
journal = {Acta Trop.},
keywords = {Control,Epidemiology,Geographical information systems (GIS),Remote sensing,Risk models,Schistosomiasis,Sub-Saharan Africa},
number = {2},
pages = {207--214},
pmid = {12020894},
title = {{Schistosomes, snails and satellites}},
volume = {82},
year = {2002}
}
@article{Paaijmans2013,

author = {Paaijmans, Krijn P. and Heinig, Rebecca L. and Seliga, Rebecca a. and Blanford, Justine I. and Blanford, Simon and Murdock, Courtney C. and Thomas, Matthew B.},
doi = {10.1111/gcb.12240},
isbn = {1354-1013 (Print) 1354-1013 (Linking)},
issn = {13541013},
journal = {Glob. Chang. Biol.},
keywords = {Anopheles stephensi,Climate change,Conservation,Diurnal temperature fluctuation,Ectotherm fitness,Jensen's inequality,Thermal fitness curve,Thermal reaction norm},
number = {8},
pages = {2373--2380},
pmid = {23630036},
title = {{Temperature variation makes ectotherms more sensitive to climate change}},
volume = {19},
year = {2013}
}
@article{Christiansen-Jucht2014a,

author = {Christiansen-Jucht, C{\'{e}}line and Parham, Paul E and Saddler, Adam and Koella, Jacob C and Bas{\'{a}}{\~{n}}ez, Mar{\'{i}}a-Gloria},
doi = {10.1186/s13071-014-0489-3},

isbn = {1756-3305},
issn = {1756-3305},
journal = {Parasit. Vectors},
keywords = {Animals,Anopheles gambiae,Anopheles gambiae: growth {\&} development,Anopheles gambiae: physiology,Female,Insect Vectors,Insect Vectors: growth {\&} development,Insect Vectors: physiology,Larva,Larva: growth {\&} development,Longevity,Longevity: physiology,Pupa,Pupa: growth {\&} development,Temperature},
number = {1},
pages = {489},
pmid = {25367091},
title = {{Temperature during larval development and adult maintenance influences the survival of Anopheles gambiae s.s.}},

volume = {7},
year = {2014}
}
@article{Confalonieri2014,

author = {Confalonieri, Ulisses E C and Margonari, Carina and Quint{\~{a}}o, Ana Fl{\'{a}}via},
doi = {10.1016/j.actatropica.2013.09.013},

issn = {0001706X},
journal = {Acta Trop.},
keywords = {Amazon,Climate change,Environment,Forests,Land use,Parasitic diseases},
number = {1},
pages = {33--41},
pmid = {24056199},
publisher = {Elsevier B.V.},
title = {{Environmental change and the dynamics of parasitic diseases in the Amazon}},

volume = {129},
year = {2014}
}
@article{Ogden2014,

author = {Ogden, Nicholas H. and Radojevi{\'{c}}, Milka and Wu, Xiaotian and Duvvuri, Venkata R. and Leighton, Patrick a. and Wu, Jianhong},
doi = {10.1289/ehp.1307799},

issn = {15529924},
journal = {Environ. Health Perspect.},
number = {6},
pages = {631--638},
pmid = {24627295},
title = {{Estimated effects of projected climate change on the basic reproductive number of the lyme disease vector ixodes scapularis}},
volume = {122},
year = {2014}
}
@article{Gillooly2001,

author = {Gillooly, James F and Brown, James H and West, Geoffrey B and Savage, V M and Charnov, E L},
doi = {10.1126/science.1061967},

isbn = {0036-8075},
issn = {0036-8075},
journal = {Science},
keywords = {AUTOECOL DESENV DD,AUTOECOL FISIOL},
number = {September},
pages = {2248--2251},
pmid = {11567137},
title = {{Effects of size and temperature on metabolic rate}},

volume = {293},
year = {2001}
}
@article{Molnar2013,

author = {Moln{\'{a}}r, P{\'{e}}ter K PK and Kutz, Susan J SJ and Hoar, Bryanne M BM and Dobson, Andrew P AP Andrew P},
doi = {10.1111/ele.12022},
issn = {1461-0248},
journal = {Ecol. Lett.},
language = {en},
mendeley-tags = {Ostertagia gruehneri,R0,Sharpe–Schoolfield model,climate change,expected lifetime reproductive output,fitness,host–parasite systems,metabolic theory of ecology,seasonality,van't Hoff–Arrhenius relation},
month = {jan},
number = {1},
pages = {9--21},
pmid = {23157563},
title = {{Metabolic approaches to understanding climate change impacts on seasonal host-macroparasite dynamics}},
volume = {16},
year = {2013}
}

@book{Charnov1993a,
address = {Oxford England},
annote = {050a: QH371 050b: .C485 1993 082a: 575 245c: Eric L. Charnov 300b: ill 300c: 24 cm xv, 167 p},
author = {Charnov, Eric L},
booktitle = {Oxford Ser. Ecol. Evol.},
isbn = {0198540728 (hbk.)},
keywords = {ECOLOGY,EVOLUTION,EVOLUTIONARY,EVOLUTIONARY ECOLOGY,Evolution (Biology),HISTORIES,HISTORY,LIFE,LIFE HISTORIES,LIFE HISTORY,LIFE-HISTORIES,LIFE-HISTORY,SYMMETRY,Sex differences,Symmetry (Biology),pap-evoeco},
pmid = {5374},
publisher = {Oxford University Press},
title = {{Life history invariants: some explorations of symmetry in evolutionary ecology}},
year = {1993}
}
@article{Parham2015,
author = {Parham, Paul E and Waldock, Joanna and Christophides, George K and Hemming, Deborah and Agusto, Folashade and Evans, Katherine J and Fefferman, Nina and Gaff, Holly and Gumel, Abba and Ladeau, Shannon and Lenhart, Suzanne and Mickens, Ronald E and Naumova, Elena N and Ostfeld, Richard S and Ready, Paul D and Thomas, Matthew B and Velasco-hernandez, Jorge and Michael, Edwin and Parham, Paul E},

journal = {Philos. Trans. B},
keywords = {ecology,environmental science,epidemiology,evolution,health and disease and},
number = {20130551},
title = {{Climate, environmental and socio-economic change: weighing up the balance in vector-borne disease transmission}},
volume = {370},
year = {2015}
}

@article{Mordecai2012,
author = {Mordecai, EA and Paaijmans, KP and Johnson, Leah R. and Balzer, Christian and Ben-Horin, Tal and DeMoor, Emily and McNally, Amy and Pawar, Samraat and Ryan, Sadie J. and Smith, Thomas C. and Lafferty, Kevin D.},
doi = {10.1111/ele.12015},
editor = {Thrall, Peter},
issn = {1461023X},
journal = {Ecol. Lett.},
month = {oct},
number = {1},
pages = {22--30},
title = {{Optimal temperature for malaria transmission is dramatically lower than previously predicted}},
volume = {16},
year = {2013}
}

@article{Dell2011a,
author = {Dell, Anthony I and Pawar, Samraat and Savage, Van M},
doi = {doi: 10.1073/pnas.1015178108},

issn = {1091-6490},
journal = {Proc. Natl. Acad. Sci. U. S. A.},
keywords = {Animals,Biodiversity,Databases,Ecology,Factual,Models,Temperature,Theoretical},
month = {jun},
number = {26},
pages = {10591--10596},
pmid = {21606358},
title = {{Systematic variation in the temperature dependence of physiological and ecological traits}},

volume = {108},
year = {2011}
}
@article{Lunde2013a,

author = {Lunde, Torleif Markussen and Korecha, Diriba and Loha, Eskindir and Sorteberg, Asgeir and Lindtj{\o}rn, Bernt},
doi = {10.1186/1475-2875-12-28},

issn = {1475-2875},
journal = {Malar. J.},
keywords = {Africa,Animals,Anopheles,Anopheles: growth {\&} development,Body Size,Entomology,Entomology: methods,Feeding Behavior,Humidity,Insect Vectors,Insect Vectors: growth {\&} development,Malaria,Malaria: transmission,Models, Statistical,Population Dynamics,Sensitivity and Specificity,Tropical Climate},
number = {1},
pages = {28},
pmid = {23342980},
title = {{A dynamic model of some malaria-transmitting anopheline mosquitoes of the Afrotropical region. I. Model description and sensitivity analysis.}},

volume = {12},
year = {2013}
}
@article{Sternberg2014,

author = {Sternberg, Eleanore D. and Thomas, Matthew B.},
doi = {10.1016/j.pt.2013.12.010},

isbn = {1471-4922},
issn = {14714922},
journal = {Trends Parasitol.},
keywords = {Anopheles,Climate change,Evolutionary adaptation,Malaria},
number = {3},
pages = {115--122},
pmid = {24513566},
publisher = {Elsevier Ltd},
title = {{Local adaptation to temperature and the implications for vector-borne diseases}},

volume = {30},
year = {2014}
}
@article{Gosoniu2006,

author = {Gosoniu, L. and Vounatsou, P. and Sogoba, N. and Smith, T.},

isbn = {1827-1987},
issn = {19707096},
journal = {Geospat. Health},
keywords = {arthropod-borne viruses,disease control,epidemiology,remote sensing},
pages = {127--139},
pmid = {18686238},
title = {{Bayesian modelling of geostatistical malaria risk data.}},
volume = {1},
year = {2006}
}
@article{Paaijmans2010d,

author = {Paaijmans, Krijn P and Blanford, Simon and Bell, Andrew S and Blanford, Justine I and Read, Andrew F and Thomas, Matthew B},
doi = {10.1073/pnas.1006422107},

isbn = {0027-8424},
issn = {1091-6490},
journal = {Proc. Natl. Acad. Sci. U. S. A.},
keywords = {Africa,Animals,Anopheles,Anopheles: parasitology,Circadian Rhythm,Climate,Climate Change,Ecosystem,Female,Humans,Insect Vectors,Insect Vectors: parasitology,Malaria,Malaria: transmission,Models, Biological,Plasmodium chabaudi,Plasmodium chabaudi: growth {\&} development,Seasons,Temperature},
number = {34},
pages = {15135--9},
pmid = {20696913},
title = {{Influence of climate on malaria transmission depends on daily temperature variation.}},

volume = {107},
year = {2010}
}
@article{Parham2010,

annote = {From Duplicate 2 (Modeling the effects of weather and climate change on malaria transmission - Parham, P E; Michael, E)

Modeling the effects of weather and climate change on malaria transmission},
author = {Parham, Paul Edward and Michael, Edwin},
doi = {10.1289/ehp.0901256},

isbn = {0091-6765},
issn = {00916765},
journal = {Environ. Health Perspect.},
keywords = {Basic reproduction number,Climate change,Invasion dynamics,Malaria transmission,Mathematical modeling},
month = {may},
number = {5},
pages = {620--626},
pmid = {20435552},
title = {{Modeling the effects of weather and climate change on malaria transmission}},

volume = {118},
year = {2010}
}
@unpublished{Shapiro,
author = {Shapiro, Lillian L M and Whitehead, Shelley A and Thomas, Matthew B and Dynamics, Disease},

pages = {1--32},
title = {{Quantifying the effects of temperature on mosquito and parasite traits that determine the transmission potential of human malaria}}
}
@article{Hu2006,

author = {Hu, Wenbiao and Tong, Shilu and Mengersen, Kerrie and Oldenburg, Brian},
doi = {10.1016/j.ecolmodel.2006.02.028},

isbn = {0304-3800},
issn = {03043800},
journal = {Ecol. Modell.},
keywords = {Mosquito density,Polynomial distributed lag model,Rainfall,Ross River virus},
number = {3-4},
pages = {505--514},
title = {{Rainfall, mosquito density and the transmission of Ross River virus: A time-series forecasting model}},
volume = {196},
year = {2006}
}
@article{Tabachnick2010,

address = {Univ Florida, Inst Food {\&} Agr Sci, Florida Med Entomol Lab, Dept Entomol {\&} Nematol,Emerging Pathogens Inst, Vero Beach, FL 32962 USA. Tabachnick, WJ (reprint author), Univ Florida, Inst Food {\&} Agr Sci, Florida Med Entomol Lab, Dept Entomol {\&} Nematol,Emerg},
annote = {Mar Challenges in predicting climate and environmental effects on vector-borne disease episystems in a changing world WOS:000275002600016 Tabachnick, W. J.},
author = {Tabachnick, WJ},
issn = {0022-0949},
journal = {J. Exp. Biol.},
number = {6},
pages = {946--954},
title = {{Challenges in predicting climate and environmental effects on vector-borne disease episystems in a changing world}},

volume = {213},
year = {2010}
}
@article{Hugo2014,

author = {Hugo, Leon E. and Jeffery, Jason a L and Trewin, Brendan J. and Wockner, Leesa F. and {Thi Yen}, Nguyen and Le, Nguyen Hoang and Nghia, Le Trung and Hine, Emma and Ryan, Peter a. and Kay, Brian H.},
doi = {10.1371/journal.pntd.0002669},

issn = {19352735},
journal = {PLoS Negl. Trop. Dis.},
number = {2},
pmid = {24551251},
title = {{Adult Survivorship of the Dengue Mosquito Aedes aegypti Varies Seasonally in Central Vietnam}},
volume = {8},
year = {2014}
}
@article{McLennan-Smith2014,

author = {McLennan-Smith, Timothy a. and Mercer, Geoffry N.},
doi = {10.1016/j.mbs.2013.11.003},

issn = {00255564},
journal = {Math. Biosci.},
keywords = {0-1 Test,Dengue fever,Deterministic chaos,Mathematical model,Multiple subclasses,Seasonality},
number = {1},
pages = {22--30},
pmid = {24291301},
publisher = {Elsevier Inc.},
title = {{Complex behaviour in a dengue model with a seasonally varying vector population}},

volume = {248},
year = {2014}
}
@article{Parham2012,

author = {Parham, Paul E and Pople, Diane and Christiansen-Jucht, C{\'{e}}line and Lindsay, Steve and Hinsley, Wes and Michael, Edwin},
doi = {10.1186/1475-2875-11-271},

isbn = {1475-2875},
issn = {1475-2875},
journal = {Malar. J.},
keywords = {Anopheles gambiae s.s.,Climate change,Density-dependence,Malaria,Mathematical modeling,Rainfall,Temperature},
number = {1},
pages = {271},
pmid = {22877154},
title = {{Modeling the role of environmental variables on the population dynamics of the malaria vector Anopheles gambiae sensu stricto}},

volume = {11},
year = {2012}
}
@article{Oceanography2014,
author = {Oceanography, National and Southampton, Centre and Way, European and Circus, Drake},
doi = {10.1111/gcb.12695},
keywords = {climate change,invasive species,phenotypic buffering,phenotypic plasticity,physiological abilities,species distri-},
pages = {181--194},
title = {{Integrating metabolic performance , thermal tolerance , and plasticity enables for more accurate predictions on species vulnerability to acute and chronic effects of global warming}},
year = {2014}
}

@article{Amarasekare2012a,

author = {Amarasekare, Priyanga and Savage, Van},
doi = {10.1086/663677},
issn = {1537-5323},
journal = {Am. Nat.},
keywords = {Aging,Animals,Biological,Ecosystem,Fertility,Genetic Fitness,Greenhouse Effect,Hot Temperature,Insects,Insects: growth {\&} development,Insects: physiology,Models,Population Dynamics,Tropical Climate},
month = {feb},
number = {2},
pages = {178--91},
pmid = {22218308},
title = {{A framework for elucidating the temperature dependence of fitness}},

volume = {179},
year = {2012}
}
@article{Kingsolver2011,

author = {Kingsolver, Joel G and {Arthur Woods}, H and Buckley, Lauren B and Potter, Kristen A and MacLean, Heidi J and Higgins, Jessica K},
doi = {10.1093/icb/icr015},

journal = {Integr. Comp. Biol.},
number = {5},
pages = {719--732},
title = {{Complex Life Cycles and the Responses of Insects to Climate Change}},

volume = {51},
year = {2011}
}
@article{McCann2009,
author = {McCann, Sean and Day, Jonathan F and Allan, Sandra and Lord, Cynthia C},
issn = {1948-7134},
journal = {J. Vector Ecol.},
keywords = {Mosquito},
number = {2},
pages = {174--181},
title = {{Age modifies the effect of body size on fecundity in Culex quinquefasciatus Say (Diptera: Culicidae)}},

volume = {34},
year = {2009}
}
@article{Gil2003,

author = {Gil, Lu{\'{i}}s H Soares and Alves, Fabiana P and Zieler, Helge and Salcedo, Juan M V and Durlacher, Rui R and Cunha, Roberto P a and Tada, Mauro S and Camargo, Luiz M a and Camargo, Erney P and Pereira-da-Silva, Luiz H},
doi = {10.1603/0022-2585-40.5.636},

isbn = {0022-2585 (Print)$\backslash$r0022-2585 (Linking)},
issn = {0022-2585},
journal = {J. Med. Entomol.},
keywords = {amazon region,amazonia,anopheles,formerly guapore,is situated in western,malaria,on the border of,plasmodium,s tate of rondo,t he b razilian,transmission,ˆ nia},
number = {5},
pages = {636--641},
pmid = {14596276},
title = {{Seasonal malaria transmission and variation of anopheline density in two distinct endemic areas in Brazilian Amazonia.}},
volume = {40},
year = {2003}
}
@article{Samuel2015,
author = {Samuel, Michael D and Hobbelen, Peter H F and Decastro, Francisco and Ahumada, Jorge A and Lapointe, Dennis A and Atkinson, Carter T and Woodworth, Bethany L and Hart, Patrick J and Duffy, David C},

journal = {Ecol. Appl.},
number = {8},
pages = {2960--2973},
title = {{Ecological Applications,}},
volume = {21},
year = {2015}
}
@article{Munoz2014,
author = {Mu{\~{n}}oz, Nicolas J. and Farrell, Anthony P. and Heath, John W. and Neff, Bryan D.},
doi = {10.1038/nclimate2473},

issn = {1758-678X},
journal = {Nat. Clim. Chang.},
number = {February},
pages = {163--166},
title = {{Adaptive potential of a Pacific salmon challenged by climate change}},
volume = {5},
year = {2014}
}
@article{Ostfeld2015,
author = {Ostfeld, Richard S and Brunner, Jesse L},

journal = {Philos. Trans. R. Soc. London B Biol. Sci.},
keywords = {disease and epidemiology,ecology,environmental science,health and},
number = {1665},
title = {{Climate change and Ixodes tick-borne diseases of humans}},
volume = {370},
year = {2015}
}
@article{Mordecai2017,

author = {Mordecai, Erin A. and Cohen, Jeremy M. and Evans, Michelle V. and Gudapati, Prithvi and Johnson, Leah R. and Lippi, Catherine A. and Miazgowicz, Kerri and Murdock, Courtney C. and Rohr, Jason R. and Ryan, Sadie J. and Savage, Van and Shocket, Marta S. and {Stewart Ibarra}, Anna and Thomas, Matthew B. and Weikel, Daniel P.},
doi = {10.1371/journal.pntd.0005568},

isbn = {2009351020543},
issn = {1935-2735},
journal = {PLoS Negl. Trop. Dis.},
number = {4},
pages = {e0005568},
pmid = {28448507},
title = {{Detecting the impact of temperature on transmission of Zika, dengue, and chikungunya using mechanistic models}},

volume = {11},
year = {2017}
}
@article{Young2013,
author = {Rohr, JR and Raffel, TR},
doi = {10.1093/conphys/cot022.},
journal = {Conserv. Physiol.},
keywords = {2013,accepted 17 july 2013,acclimatization,amphibian,blaustein ar,chytridiomycosis,cite as,climate change,climate-driven changes in disease,editor,host,johnson ptj,metabolic theory of ecology,parasite interaction,paull sh,raffel tr,received 1 may 2013,revised 17 july 2013,rohr jr,steven cooke,using physiology to understand,young s},
pages = {1--15},
title = {{Using physiology to understand climate-driven changes in disease and their implications for conservation}},

volume = {1},
year = {2013}
}
@article{Rogers2014,

author = {Rogers, David J. and Suk, Jonathan E. and Semenza, Jan C.},
doi = {10.1016/j.actatropica.2013.08.008},

isbn = {0001-706X},
issn = {0001706X},
journal = {Acta Trop.},
keywords = {Dengue,Discriminant analysis,Fleiss kappa,Mahalanobis distance,Risk maps,Satellite data},
number = {1},
pages = {1--14},
pmid = {23973561},
publisher = {Elsevier B.V.},
title = {{Using global maps to predict the risk of dengue in Europe}},

volume = {129},
year = {2014}
}
@article{Dietz1993,
author = {Dietz, K.},
doi = {10.1177/096228029300200103},
issn = {0962-2802},
journal = {Stat. Methods Med. Res.},
month = {mar},
number = {1},
pages = {23--41},
title = {{The estimation of the basic reproduction number for infectious diseases}},

volume = {2},
year = {1993}
}
@article{Beck-Johnson2013,

author = {Beck-Johnson, Lindsay M. and Nelson, William a. and Paaijmans, Krijn P. and Read, Andrew F. and Thomas, Matthew B. and Bj{\o}rnstad, Ottar N.},
doi = {10.1371/journal.pone.0079276},

isbn = {2006353021714},
issn = {19326203},
journal = {PLoS One},
number = {11},
pmid = {24244467},
title = {{The effect of temperature on Anopheles mosquito population dynamics and the potential for malaria transmission}},
volume = {8},
year = {2013}
}
@article{Dawes2009,

author = {Dawes, Emma J and Churcher, Thomas S and Zhuang, Shijie and Sinden, Robert E and Bas{\'{a}}{\~{n}}ez, Mar{\'{i}}a-Gloria},
doi = {10.1186/1475-2875-8-228},

isbn = {1475-2875},
issn = {1475-2875},
journal = {Malar. J.},
pages = {228},
pmid = {19822012},
title = {{Anopheles mortality is both age- and Plasmodium-density dependent: implications for malaria transmission}},
volume = {8},
year = {2009}
}
@article{Clements1981,
author = {a.N. Clements and Paterson, G.D.},

journal = {J. Appl. Ecol.},
number = {2},
pages = {373--399},
title = {{The analysis of mortality and survival rates in wild populations of mosquitoes}},
volume = {18},
year = {1981}
}
@article{Brooker2007,

author = {Brooker, Simon},
doi = {10.1016/j.trstmh.2006.08.004},

isbn = {0035-9203},
issn = {00359203},
journal = {Trans. R. Soc. Trop. Med. Hyg.},
keywords = {Africa,Control,Geographical information systems,Geostatistics,Remote sensing,Schistosomiasis,Spatial epidemiology},
number = {1},
pages = {1--8},
pmid = {17055547},
title = {{Spatial epidemiology of human schistosomiasis in Africa: risk models, transmission dynamics and control}},
volume = {101},
year = {2007}
}
@article{Amarasekare2013,

author = {Amarasekare, Priyanga and Coutinho, Renato M.},
doi = {10.1111/1365-2656.12112},
isbn = {1365-2656},
issn = {00218790},
journal = {J. Anim. Ecol.},
keywords = {Climate warming,Development,Fecundity,Fitness,Mortality,Stable age/stage distribution,Temperature variation},
number = {6},
pages = {1240--1253},
pmid = {23926903},
title = {{The intrinsic growth rate as a predictor of population viability under climate warming}},
volume = {82},
year = {2013}
}

@book{WHO2004,
  title={The World health report: 2004: Changing history},
  author={{\relax{WHO}}},
  year={2004},
  publisher={Geneva: {\relax{World Health Organisation}}}
}

@article{Nault1997,
  title={Arthropod transmission of plant viruses: a new synthesis},
  author={Nault, LR},
  journal={Annals of the Entomological Society of America},
  volume={90},
  number={5},
  pages={521--541},
  year={1997},
  publisher={The Oxford University Press}
}

@article{Childers2003,
  title={Host plants of Brevipalpus californicus, B. obovatus, and B. phoenicis (Acari: Tenuipalpidae) and their potential involvement in the spread of viral diseases vectored by these mites},
  author={Childers, Carl C and Rodrigues, Jose Carlos V and Welbourn, Warren C},
  journal={Experimental \& applied acarology},
  volume={30},
  number={1-3},
  pages={29--105},
  year={2003},
  publisher={Springer}
}

@article{Rodrigues2003,
  title={Citrus leprosis virus vectored by Brevipalpus phoenicis (Acari: Tenuipalpidae) on citrus in Brazil},
  author={Rodrigues, JCV and Kitajima, EW and Childers, CC and Chagas, CM},
  journal={Experimental \& applied acarology},
  volume={30},
  number={1-3},
  pages={161--179},
  year={2003},
  publisher={Springer}
}

@article{Kitajima2003,

author = {Kitajima, E. W. and Rezende, J. a M and Rodrigues, J. C V},
doi = {10.1023/B:APPA.0000006551.74604.84},

isbn = {1863956115},
issn = {01688162},
journal = {Experimental and Applied Acarology},
keywords = {Brevipalpus phoenicis,Cytoplasmic type cytopathology,Passiflora edulis Simms f. flavicarpa,Passion flower,Passion fruit green spot virus},
number = {1-3},
pages = {225--231},
pmid = {14756419},
title = {{Passion fruit green spot virus vectored by Brevipalpus phoenicis (Acari: Tenuipalpidae) on passion fruit in Brazil}},
volume = {30},
year = {2003}
}

@article{Meyrowitsch2011,

author = {Meyrowitsch, Dan W and Pedersen, Erling M and Alifrangis, Michael and Scheike, Thomas H and Malecela, Mwelecele N and Magesa, Stephen M and Derua, Yahya a and Rwegoshora, Rwehumbiza T and Michael, Edwin and Simonsen, Paul E},
doi = {10.1186/1475-2875-10-188},

isbn = {1475-2875 (Electronic)$\backslash$n1475-2875 (Linking)},
issn = {1475-2875},
journal = {Malaria journal},
number = {1},
pages = {188},
pmid = {21752273},
publisher = {BioMed Central Ltd},
title = {{Is the current decline in malaria burden in sub-Saharan Africa due to a decrease in vector population?}},

volume = {10},
year = {2011}
}

@article{Schoolfield1981,
  title={Non-linear regression of biological temperature-dependent rate models based on absolute reaction-rate theory},
  author={Schoolfield, RM and Sharpe, PJH and Magnuson, CE},
  journal={Journal of theoretical biology},
  volume={88},
  number={4},
  pages={719--731},
  year={1981},
  publisher={Elsevier}
}

@article{Gage2008,
  title={Climate and vectorborne diseases},
  author={Gage, Kenneth L and Burkot, Thomas R and Eisen, Rebecca J and Hayes, Edward B},
  journal={American journal of preventive medicine},
  volume={35},
  number={5},
  pages={436--450},
  year={2008},
  publisher={Elsevier}
}

@book{Angilletta2009,
  title={Thermal adaptation: a theoretical and empirical synthesis},
  author={Angilletta Jr, Michael J and Angilletta, Michael James},
  year={2009},
  publisher={Oxford University Press}
}

@article{Frazier2006,
annote = {Oct Thermodynamics constrains the evolution of insect population growth rates: "Warmer is better" ISI:000240855500007 Frazier, M. R. Huey, Raymond B. Berrigan, David},
author = {Frazier, Melanie R. and Huey, Raymond B. and Berrigan, David},
doi = {10.1086/506977},

isbn = {0003-0147},
issn = {0003-0147},
journal = {Am. Nat.},
keywords = {and fitness of ectotherms,body temperature profoundly affects,ectotherm,formance,intrinsic rate of increase,optimal temperature,per-,physiological adaptation,the physiology,thermodynamics,which include most},
number = {4},
pages = {512--520},
pmid = {17004222},
title = {{Thermodynamics constrains the evolution of insect population growth rates: "warmer is better"}},

volume = {168},
year = {2006}
}

@article{Kleynhans2014,

author = {Kleynhans, E. and Clusella-Trullas, S. and Terblanche, J. S.},
doi = {10.1111/jeb.12297},
issn = {1010061X},
journal = {J. Evol. Biol.},
keywords = {Acclimation,Glossinidae,Plasticity,Population dynamics,Water balance},
number = {2},
pages = {337--348},
title = {{Impacts of environmental variability on desiccation rate, plastic responses and population dynamics of Glossina pallidipes}},
volume = {27},
year = {2014}
}

